%% Referências do Projeto Final.
%% Por Matheus Fernandes Moreno, 2020

% Alguns textos foram consultados, mas serão apenas mencionados na dissertação
% Por exemplo, o livro de sistemas não-lineares

%% Geral
@misc{nonlinear-filters-repo,
	author = {Matheus Fernandes Moreno},
	title = {Linear and Nonlinear Filters},
	year = {2021},
	month={jun.},
	publisher={GitHub},
	url = {https://github.com/matheusMoreno/nonlinear-filters},
	access = {31 jun. 2021}
}

@misc{nonlinear-results,
	author = {Matheus Fernandes Moreno},
	title = {Análise Comparativa de Métodos de Identificação de Sistemas Não-Lineares Aplicados a Sinais de Áudio -- Material Complementar},
	year = {2021},
	month={jun.},
	url = {https://www.smt.ufrj.br/~matheus.moreno/tcc.html},
	access = {31 jun. 2021}
}

@mastersthesis{lordelo-2018,
	author={Carlos Pedro Vianna {Lordelo}},
	title={Remoção Automática de Trilhas Musicais de Programas de TV},
	school={Universidade Federal do Rio de Janeiro},
	year={2018},
	type={Tese de Mestrado},
	address={Rio de Janeiro}
}

@misc{matrix-cookbook,
	author={K. B. Petersen and M. S. Pedersen},
	title={The Matrix Cookbook},
	year={2012},
	month={nov.},
	publisher={Technical University of Denmark},
	url={http://www2.compute.dtu.dk/pubdb/pubs/3274-full.html},
	note={Versão 20121115},
	access={20 dez. 2020}
}

@misc{audacity,
	author = {Dominic {Mazzoni} and Roger {Dannenberg}},
	title = {Audacity},
	year = {1999},
	howpublished = {Disponível em: <\texttt{https://www.audacityteam.org/}>},
	note = {Acesso em: 22 nov. 2020}
}

@misc{goldwave,
	author = {{GoldWave Inc.}},
	title = {{GoldWave}},
	year = {1993},
	howpublished = {Disponível em: <\texttt{https://www.goldwave.com/}>},
	note = {Acesso em: 22 nov. 2020}
}

% intro: Introdução
@misc{loudness-standards,
	author={Jonathan {Petersen} and Jason {Levine}},
	title={Broadcast loudness standards},
	year={2019},
	month={out.},
	publisher={Adobe},
	url={https://helpx.adobe.com/audition/how-to/broadcast-loudness-standards.html},
	access={3 jan. 2021}
}

@book{bosi-2002,
	series={The Kluwer International Series in Engineering and Computer Science},
	author={Marina {Bosi} and Richard E. {Goldberg}},
	title={Introduction to Digital Audio Coding and Standards},
	publisher={Springer},
	year={2002},
	address={Nova York}
}

%% met: Metricas
@article{vincent-2006,
author={Emmanuel {Vincent} and Rémi {Gribonval} and Cédric {Févotte}},
journal={IEEE Transactions on Audio, Speech, and Language Processing},
title={Performance measurement in blind audio source separation},
year={2006},
volume={14},
number={4},
pages={1462-1469},
month={jun.}
}

@article{beerends-1992,
	author={Beerends, John G. and Stemerdink, Jan A.},
	journal={Journal of the Audio Engineering Society},
	title={A Perceptual Audio Quality Measure Based on a Psychoacoustic Sound Representation},
	year={1992},
	volume={40},
	number={12},
	pages={963-978},
	month={dez.}
}

@incollection{beerends-2002,
	author={John G. Beerends},
	title={Audio quality determination based on perceptual measurement techniques},
	booktitle={Applications of Digital Signal Processing to Audio and Acoustics},
	publisher={Kluwer Academic Publishers},
	year={2002},
	editor={Mark Kahrs and Karlheinz Brandenburg},
	chapter={1},
	pages={1-38},
	address={Nova York; Boston; Dordrecht; Londres; Moscou},
	volume={437},
	series={The Kluwer International Series in Engineering and Computer Science}
}

@incollection{biscainho-2015,
	author={Luiz Wagner Pereira Biscainho and Leonardo de Oliveira Nunes},
	title={Automatic Evaluation of Acoustically Degraded Full-Band Speech},
	booktitle={Signals and Images: Advances and Results in Speech, Estimation, Compression, Recognition, Filtering, and Processing},
	publisher={CRC Press},
	year={2015},
	editor={Rosângela Fernandes Coelho and Vitor Heloiz Nascimento and Ricardo Lopes de Queiroz and João Travassos Romano and Charles Casimiro Cavalcante},
	chapter={7},
	pages={181-208},
	address={Boca Raton}
}

@book{bech-2006,
	author={S. Bech and Z. Zacharov},
	title={Perceptual Audio Evaluation - Theory, Method and Application},
	publisher={Wiley},
	year={2006},
	address={Chichester}
}

@article{moore-2004,
author={Brian C. J. {Moore} and Chin-Tuan {Tan} and Nick {Zacharov} and Ville-Veikko {Mattila}},
journal={Journal of the Audio Engineering Society},
title={Measuring and Predicting the Perceived Quality of Music and Speech Subjected to Combined Linear and Nonlinear Distortion},
year={2004},
volume={52},
number={12},
pages={1228-1244},
month={dez.}
}

@article{tan-2004,
author={Brian C. J. {Moore} and Chin-Tuan {Tan} and Nick {Zacharov} and Ville-Veikko {Mattila}},
journal={Journal of the Audio Engineering Society},
title={Predicting the Perceived Quality of Nonlinearly Distorted Music and Speech Signals},
year={2004},
volume={52},
number={7/8},
pages={699-711},
month={jul.}
}

@misc{rnonlin-calc,
	author = {Simon Durbridge},
	title = {Rnonlin\_calc},
	month = {mar.},
	year = {2015},
	url = {https://www.mathworks.com/matlabcentral/fileexchange/50230-rnonlin_calc},
	access = {07 mar. 2021}
}

@incollection{slaney-1993,
	author={Malcolm Slaney},
	title={An Efficient Implementation of the Patterson-Holdsworth Auditory Filter Bank},
	booktitle={Apple Computer Technical Report},
	publisher={relatório técnico, Apple Computer Inc.},
	year={1993},
	address={Cupertino},
	volume={35}
}

%% wf: Wiener Filter
@book{hayes-1996,
	author={Monson H. {Hayes}},
	title={Statistical Digital Signal Processing and Modeling},
	publisher={Wiley},
	year={1996},
	address={Nova York}
}

@book{peebles-1987,
	series={McGraw-Hill Series in Electrical and Computer Engineering},
	year={1987},
	title={Probability, Random Variables, and Random Signal Principles},
	author={Peebles, Peyton Z.},
	address={Nova York},
	edition={2\textsuperscript{a}},
	publisher={McGraw Hill},
}

@book{diniz-2020,
	title={Adaptive Filtering: Algorithms and Practical Implementation},
	year={2020},
	author={Paulo S. R. {Diniz}},
	address={Niterói},
	edition={5\textsuperscript{a}},
	publisher={Springer International Publishing},
}

@book{wiener-1949,
	author={Norbert {Wiener}},
	title={Extrapolation, Interpolation, and Smoothing of Stationary Time Series: With Engineering Applications},
	publisher={The MIT Press},
	year={1949},
	address={Cambridge}
}

@article{kolmogorov-1941,
	author={Andrei Nikolaevich {Kolmogorov}},
	title={Interpolation und Extrapolation von stationären zufälligen Folgen},
	journal={Izvestiya Akademii Nauk SSSR. Seriya Matematicheskaya},
	year={1941},
	volume={5},
	number={1},
	pages={3-14}
}

@misc{wiener-reference-source,
	author = {iluppai},
	title = {Chinese flute Hulusi},
	year = {2013},
	month={mar.},
	publisher={Freesound},
	url = {https://freesound.org/s/180239/},
	access = {06 fev. 2021}
}

@misc{wiener-dialogue-source,
	author = {Jane Austen},
	title = {Mansfield Park (dramatic reading)},
	year = {2011},
	month={ago.},
	publisher={LibriVox},
	url = {https://librivox.org/mansfield-park-dramatic-reading-by-jane-austen/},
	access = {06 fev. 2021},
	note = {Direção da narração: Elizabeth Klett}
}

@techreport{heinzel-2002,
	author={Gerhard Heinzel and Albrecht Rüdiger and Roland Schilling},
	title={Spectrum and spectral density estimation by the Discrete Fourier Transform (DFT), including a comprehensive list of window functions and some new flat-top windows},
	institution={Max Planck Institute for Gravitational Physics (Albert Einstein Institute)},
	month={fev.},
	year={2002},
	type={Relatório Técnico},
	address={Hannover}
}

@misc{lame-encoder,
	author = {Mike Cheng and Mark Taylor and Rogério Brito and Robert Hegemann and Alexander Leidinger and Gabriel Bouvigne and Frank Klemm and Naoki Shibata and Takehiro Tominaga},
	title = {LAME MP3 Encoder},
	month = {{[jun.]}},
	year = {1998},
	url = {https://lame.sourceforge.io/},
	access = {07 fev. 2021}
}

%% Correntropy Filter
@article{santamaria-2006,
	author={Santamaria, I. and Pokharel, P. P. and Principe, Jose C.},
	journal={IEEE Transactions on Signal Processing},
	title={Generalized Correlation Function: Definition, Properties, and Application to Blind Equalization},
	year={2006},
	volume={54},
	number={6},
	pages={2187-2197},
	month={jun.},
}

@book{principe-2010,
	author={Jose C. Principe and Weifeng Liu and Simon Haykin},
	title={Kernel Adaptive Filtering: A Comprehensive Introduction},
	publisher={Wiley},
	year={2010},
	address={Hoboken},
	series={Adaptive and Learning Systems for Signal Processing, Communication, and Control}
}

@book{shawetaylor-2004,
	author={John Shawe-Taylor and Nello Cristianini},
	title={Kernel Methods for Pattern Analysis},
	publisher={Cambridge University Press},
	year={2004},
	address={Nova York}
}

@inproceedings{pokharel-2006,
author={Puskal P. {Pokharel} and Jian-Wu {Xu} and Deniz {Erdogmus} and Jose C. {Principe}},
title={A Closed Form Solution for a Nonlinear Wiener Filter},
booktitle={2006 IEEE International Conference on Acoustics Speech and Signal Processing Proceedings},
year={2006},
volume={3},
pages={III-III},
address={Toulouse},
month={mai.},
organization={IEEE}
}

@article{liu-2007,
	author={Weifeng {Liu} and Puskal P. {Pokharel} and Jose C. {Principe}},
	title={Correntropy: Properties and Applications in Non-Gaussian Signal Processing},
	journal={IEEE Transactions on Signal Processing},
	year={2007},
	volume={55},
	number={11},
	pages={5286-5298},
	month={out.}
}

@phdthesis{pokharel-2007,
	author={Puskal P. {Pokharel}},
	title={Time Series Analysis with Information Theoretic Learning and Kernel Methods},
	school={University of Florida},
	year={2007},
	type={Tese de Doutorado},
	address={Gainesville}
}

@incollection{godsill-2002,
	author={Simon Godsill and Peter Rayner and Olivier Cappé},
	title={Digital Audio Restoration},
	booktitle={Applications of Digital Signal Processing to Audio and Acoustics},
	publisher={Kluwer Academic Publishers},
	year={2002},
	editor={Mark Kahrs and Karlheinz Brandenburg},
	chapter={4},
	pages={133-194},
	address={Nova York; Boston; Dordrecht; Londres; Moscou},
	volume={437},
	series={The Kluwer International Series in Engineering and Computer Science}
}

%% ukf: Unscented Kalman Filter
@inproceedings{julier-1997,
	author={Simon J. {Julier} and Jeffrey K. {Uhlmann}},
	title={New Extension of the Kalman Filter to Nonlinear Systems},
	booktitle={Signal Processing, Sensor Fusion, and Target Recognition VI},
	year={1997},
	volume={3068},
	pages={182-193},
	address={Orlando},
	month={jul.},
	organization={SPIE}
}

@inproceedings{julier-2002,
	author={Julier, S.J.},
	booktitle={Proceedings of the 2002 American Control Conference (IEEE Cat. No.CH37301)},
	title={The scaled unscented transformation},
	year={2002},
	volume={6},
	pages={4555-4559},
	address={Anchorage},
	month={nov.},
	organization={IEEE}
}

@inproceedings{wan-2000,
	author={E. A. {Wan} and R. {Van Der Merwe}},
	title={The Unscented Kalman Filter for nonlinear estimation},
	booktitle={Proceedings of the IEEE 2000 Adaptive Systems for Signal Processing, Communications, and Control Symposium (Cat. No.00EX373)},
	year={2000},
	pages={153-158},
	address={Lake Louise},
	month={out.},
	organization={IEEE}
}

@book{sorenson-1985,
	title={Kalman filtering: theory and application},
	publisher={IEEE Press},
	year={1985},
	author={Harold W. Sorenson},
	address={Nova York},
	series={IEEE Press selected reprint series}
}

@book{ogunfunmi-2007,
	author={Tokunbo {Ogunfunmi}},
	title={Adaptive Nonlinear System Identification: The Volterra and Wiener Model Approaches},
	publisher={Springer},
	year={2007},
	address={Santa Clara, Estados Unidos},
	series={Signals and Communication Technology}
}
