%% Esqueletos para cada uma das possíveis referências.

@book{
    author={},
    title={},
    publisher={},
    year={},
    address={},
    volume={}, % Se houver
    edition={},
    series={} % Opcional
}

@incollection{
    author={},
    title={},
    booktitle={},
    publisher={},
    year={},
    editor={},
    chapter={},
    pages={},
    year={},
    address={},
    volume={}, % Se houver
    edition={},
    series={} % Opcional
}

@inproceedings{
    author={},
    title={},
    booktitle={},
    year={},
    volume={}, % Se houver
    pages={},
    address={},
    month={},
    organization={}
}

@article{
    author={},
    title={},
    journal={},
    year={},
    volume={},
    number={},
    pages={},
    month={}
}

@techreport{
    author={},
    title={},
    institution={},
    year={},
    type={Relatório Técnico},
    number={},
    address={}
}

@phdthesis{
    author={},
    title={},
    school={},
    year={},
    type={Tese de Doutorado},
    address={}
}

@mastersthesis{
    author={},
    title={},
    school={},
    year={},
    type={Dissertação de Metrado},
    address={}
}